@article{alarcao2017emotions,
  title={Emotions recognition using EEG signals: A survey},
  author={Alarcao, Soraia M and Fonseca, Manuel J},
  journal={IEEE Transactions on Affective Computing},
  year={2017},
  publisher={IEEE}
}

@article{koelstra2011deap,
  title={Deap: A database for emotion analysis; using physiological signals},
  author={Koelstra, Sander and Muhl, Christian and Soleymani, Mohammad and Lee, Jong-Seok and Yazdani, Ashkan and Ebrahimi, Touradj and Pun, Thierry and Nijholt, Anton and Patras, Ioannis},
  journal={IEEE transactions on affective computing},
  volume={3},
  number={1},
  pages={18--31},
  year={2011},
  publisher={IEEE}
}

@article{peeters1999reference,
  title={Reference-based stochastic subspace identification for output-only modal analysis},
  author={Peeters, Bart and De Roeck, Guido},
  journal={Mechanical systems and signal processing},
  volume={13},
  number={6},
  pages={855--878},
  year={1999},
  publisher={Elsevier}
}
@INPROCEEDINGS{261604,

  author={P. {Van Overschee} and B. {De Moor}},

  booktitle={[1991] Proceedings of the 30th IEEE Conference on Decision and Control}, 

  title={Subspace algorithms for the stochastic identification problem}, 

  year={1991},

  volume={},

  number={},

  pages={1321-1326 vol.2},}
