@book{bull2014communicating,
  title={Communicating pictures: A course in Image and Video Coding},
  author={Bull, David R},
  year={2014},
  publisher={Academic Press}
}
