@inproceedings{boat_facts,
  title={Navy DDG-51 and DDG-1000 destroyer programs: Background and issues for Congress},
  author={O'Rourke, Ronald},
  year={2009},
  organization={LIBRARY OF CONGRESS WASHINGTON DC CONGRESSIONAL RESEARCH SERVICE}
}
@article{board2017collision,
  title={Collision between US Navy Destroyer John S McCain and Tanker Alnic MC Singapore Strait, 5 Miles Northeast of Horsburgh Lighthouse August 21, 2017},
  author={Board, Safety},
  year={2017}
}
@article{TSS,
  title={Ship collision risk assessment for the Singapore Strait},
  author={Qu, Xiaobo and Meng, Qiang and Suyi, Li},
  journal={Accident Analysis \& Prevention},
  volume={43},
  number={6},
  pages={2030--2036},
  year={2011},
  publisher={Elsevier}
}
@misc{faturechi2019years,
  title={Years of Warnings, Then Death and Disaster: How the Navy Failed Its Sailors},
  author={Faturechi, R and Rose, M and Miller, TC},
  year={2019},
  publisher={ProPublica}
}
@misc{miller_rose_faturechi_chang_2019, title={The Navy Installed Touch-screen Steering Systems To Save Money. Ten Sailors Paid With Their Lives.}, url={https://features.propublica.org/navy-uss-mccain-crash/navy-installed-touch-screen-steering-ten-sailors-paid-with-their-lives/}, journal={ProPublica}, author={Miller, T. Christian and Rose, Megan and Faturechi, Robert and Chang, Agnes}, year={2019}, month={Dec}} 



